@online{econotag,
  author = {Redwire, LLC},
  title = {Econotag: mc13224v development board with on-board debugging},
  month = may,
  year = {2013},
  url = {http://www.redwirellc.com/store/node/1}
}

@online{mc1322x,
  author = {Freescale Semiconductor},
  title = {MC1322x - Advanced ZigBee™ - Compliant Platform-in-Package (PiP) for the 2.4 GHz IEEE® 802.15.4 Standard},
  month = may,
  year = {2013},
  url = {http://www.freescale.com/files/rf_if/doc/data_sheet/MC1322x.pdf}
}

@online{contiki,
  author = {Contiki-Community},
  title = {Contiki - The Open Source OS for the Internet of Things},
  month = may,
  year = {2013},
  url = {http://www.contiki-os.org/}
}

@online{erbium,
  author = {Matthias Kovatsch, ETH Zürich},
  title = {Erbium (Er) REST Engine and CoAP Implementation for Contiki},
  month = may,
  year = {2013},
  url = {http://people.inf.ethz.ch/mkovatsc/erbium.php}
}

@online{libcoap,
  author = {Olaf Bergmann},
  title = {libcoap: C-Implementation of CoAP },
  month = may,
  year = {2013},
  url = {http://libcoap.sourceforge.net/}
}

@misc{rfc3610,
  author="D. Whiting, Hifn and R. Housley, Vigil Security and N. Ferguson, MacFergus",
  title="{Counter with CBC-MAC (CCM)}",
  series="Request for Comments",
  number="3610",
  howpublished="RFC 3610 (Proposed Standard)",
  publisher="IETF",
  organization="Internet Engineering Task Force",
  year=2003,
  month=sep,
  url="http://tools.ietf.org/html/rfc3610",
}

@misc{rfc4492,
  author="S. Blake-Wilson, SafeNet and N. Bolyard, Sun Microsystems and V. Gupta, Sun Labs and C. Hawk, Corriente and B. Moeller, Ruhr-Uni Bochum",
  title="{Elliptic Curve Cryptography (ECC) Cipher Suites for Transport Layer Security (TLS)}",
  series="Request for Comments",
  number="4492",
  howpublished="RFC 4492 (Proposed Standard)",
  publisher="IETF",
  organization="Internet Engineering Task Force",
  year=2006,
  month=may,
  url="http://tools.ietf.org/html/rfc4492",
}

@misc{rfc5116,
  author="D. McGrew",
  title="{An Interface and Algorithms for Authenticated Encryption}",
  series="Request for Comments",
  number="5116",
  howpublished="RFC 5116 (Proposed Standard)",
  publisher="IETF",
  organization="Internet Engineering Task Force",
  year=2008,
  month=jan,
  url="http://tools.ietf.org/html/rfc5116",
}

@misc{rfc5246,
  author="T. Dierks and E. Rescorla",
  title="{The Transport Layer Security (TLS) Protocol Version 1.2}",
  series="Request for Comments",
  number="5246",
  howpublished="RFC 5246 (Proposed Standard)",
  publisher="IETF",
  organization="Internet Engineering Task Force",
  year=2008,
  month=aug,
  url="http://tools.ietf.org/html/rfc5246",
}

@misc{rfc6347,
  author="E. Rescorla, RTFM Inc. and N. Modadugu, Google Inc.",
  title="{Datagram Transport Layer Security Version 1.2}",
  series="Request for Comments",
  number="6347",
  howpublished="RFC 6347 (Proposed Standard)",
  publisher="IETF",
  organization="Internet Engineering Task Force",
  year=2012,
  month=jan,
  url="http://tools.ietf.org/html/rfc6347",
}

@misc{rfc6690,
  author="Z. Shelby",
  title="{Constrained RESTful Environments (CoRE) Link Format}",
  series="Request for Comments",
  number="6690",
  howpublished="RFC 6690 (Proposed Standard)",
  publisher="IETF",
  organization="Internet Engineering Task Force",
  year=2012,
  month=aug,
  url="http://tools.ietf.org/html/rfc6690",
}

@misc{draftaesecc,
  author="D. McGrew and D. Bailey, RSA/EMC and M. Campagna, Certicom Corp and R. Dugal, Certicom Corp",
  title="{AES-CCM ECC Cipher Suites for TLS}",
  series="Request for Comments (work in progress)",
  howpublished="Internet-Draft",
  publisher="IETF",
  organization="Internet Engineering Task Force",
  year=2011,
  month=oct,
  url="http://tools.ietf.org/html/draft-mcgrew-tls-aes-ccm-ecc-06",
}

@misc{draftcoap,
  author="Z. Shelby and K. Hartke, Universitaet Bremen TZI and C. Bormann, Universitaet Bremen TZI",
  title="{Constrained Application Protocol (CoAP)}",
  series="Request for Comments (work in progress)",
  howpublished="Internet-Draft",
  publisher="IETF",
  organization="Internet Engineering Task Force",
  year=2013,
  month=nov,
  url="http://datatracker.ietf.org/doc/draft-ietf-core-coap",
}

@misc{draftcodtls,
  author="K. Hartke, Universitaet Bremen TZI and O. Bergmann, Universitaet Bremen TZI",
  title="{Datagram Transport Layer Security in Constrained Environments}",
  series="Request for Comments (work in progress)",
  howpublished="Internet-Draft",
  publisher="IETF",
  organization="Internet Engineering Task Force",
  year=2012,
  month=jul,
  url="http://tools.ietf.org/html/draft-hartke-core-codtls-02",
}

@misc{draftmintls,
  author="H. Tschofenig, Nokia Siemens Networks and S.S. Kumar, Philips Research and S. Keoh, Philips Research",
  title="{A Hitchhiker's Guide to the (Datagram) Transport Layer Security Protocol for Smart Objects and Constrained Node Networks}",
  series="Request for Comments (work in progress)",
  howpublished="Internet-Draft",
  publisher="IETF",
  organization="Internet Engineering Task Force",
  year=2013,
  month=jul,
  url="http://tools.ietf.org/html/draft-tschofenig-lwig-tls-minimal-03",
}

http://www.iana.org/assignments/tls-parameters/tls-parameters.xhtml

Pre-Shared Key Ciphersuites for Transport Layer Security (TLS): http://tools.ietf.org/html/rfc4279

AES-CCM Cipher Suites for Transport Layer Security (TLS): http://tools.ietf.org/html/rfc6655

Pre-Shared Key Ciphersuites for Transport Layer Security (TLS): http://tools.ietf.org/html/rfc4279


