@misc{rfc4627,
  author="D. Crockford and JSON.org",
  title="{The application/json Media Type for JavaScript Object Notation (JSON)}",
  series="Request for Comments",
  number="4627",
  howpublished="RFC 4627 (Proposed Standard)",
  publisher="IETF",
  organization="Internet Engineering Task Force",
  year=2006,
  month=jul,
  url="http://www.ietf.org/rfc/rfc4627.txt",
}

@misc{rfc5246,
  author="T. Dierks and Independent and E. Rescorla and RTFM, Inc.",
  title="{The Transport Layer Security (TLS) Protocol Version 1.2}",
  series="Request for Comments",
  number="5246",
  howpublished="RFC 5246 (Proposed Standard)",
  publisher="IETF",
  organization="Internet Engineering Task Force",
  year=2008,
  month=aug,
  url="http://www.ietf.org/rfc/rfc5246.txt",
}

@misc{rfc6347,
  author="E. Rescorla and RTFM, Inc. and N. Modadugu and Google, Inc.",
  title="{Datagram Transport Layer Security Version 1.2}",
  series="Request for Comments",
  number="6347",
  howpublished="RFC 6347 (Proposed Standard)",
  publisher="IETF",
  organization="Internet Engineering Task Force",
  year=2012,
  month=jan,
  url="http://www.ietf.org/rfc/rfc6347.txt",
}

@misc{rfc6690,
  author="Z. Shelby, Sensinode",
  title="{Constrained RESTful Environments (CoRE) Link Format}",
  series="Request for Comments",
  number="6690",
  howpublished="RFC 6690 (Proposed Standard)",
  publisher="IETF",
  organization="Internet Engineering Task Force",
  year=2012,
  month=aug,
  url="http://www.ietf.org/rfc/rfc6690.txt",
}

@misc{draftcoap,
  author="Z. Shelby and Sensinode and K. Hartke and C. Bormann and Universitaet Bremen TZI",
  title="{Constrained Application Protocol (CoAP)}",
  series="Request for Comments",
  howpublished="Internet-Draft",
  publisher="IETF",
  organization="Internet Engineering Task Force",
  year=2013,
  month=nov,
  url="http://datatracker.ietf.org/doc/draft-ietf-core-coap",
}

@misc{draftcodtls,
  author="K. Hartke and O. Bergmann and Universitaet Bremen TZI",
  title="{Datagram Transport Layer Security in Constrained Environments}",
  series="Request for Comments",
  howpublished="Internet-Draft",
  publisher="IETF",
  organization="Internet Engineering Task Force",
  year=2012,
  month=jul,
  url="http://tools.ietf.org/html/draft-hartke-core-codtls-02",
}

@misc{draftmintls,
  author="H. Tschofenig, Nokia Siemens Networks and J. Gilger, RWTH Aachen University and M. Kovatsch, ETH Zurich",
  title="{A Hitchhiker's Guide to the (Datagram) Transport Layer Security Protocol for Smart Objects and Constrained Node Networks}",
  series="Request for Comments",
  howpublished="Internet-Draft",
  publisher="IETF",
  organization="Internet Engineering Task Force",
  year=2013,
  month=feb,
  url="http://tools.ietf.org/html/draft-tschofenig-lwig-tls-minimal-02",
}